@article{DBLP:journals/corr/abs-1905-02680,
  author    = {Carl{-}Johan Hoel and
               Katherine Rose Driggs{-}Campbell and
               Krister Wolff and
               Leo Laine and
               Mykel J. Kochenderfer},
  title     = {Combining Planning and Deep Reinforcement Learning in Tactical Decision
               Making for Autonomous Driving},
  journal   = {CoRR},
  volume    = {abs/1905.02680},
  year      = {2019},
  url       = {http://arxiv.org/abs/1905.02680},
  archivePrefix = {arXiv},
  eprint    = {1905.02680},
  timestamp = {Wed, 07 Aug 2019 09:24:46 +0200},
  biburl    = {https://dblp.org/rec/bib/journals/corr/abs-1905-02680},
  bibsource = {dblp computer science bibliography, https://dblp.org}
}

@article{DBLP:journals/corr/abs-1803-10056,
  author    = {Carl{-}Johan Hoel and
               Krister Wolff and
               Leo Laine},
  title     = {Automated Speed and Lane Change Decision Making using Deep Reinforcement
               Learning},
  journal   = {CoRR},
  volume    = {abs/1803.10056},
  year      = {2018},
  url       = {http://arxiv.org/abs/1803.10056},
  archivePrefix = {arXiv},
  eprint    = {1803.10056},
  timestamp = {Mon, 13 Aug 2018 16:49:12 +0200},
  biburl    = {https://dblp.org/rec/bib/journals/corr/abs-1803-10056},
  bibsource = {dblp computer science bibliography, https://dblp.org}
}

@article{DBLP:journals/corr/abs-1712-01815,
  author    = {David Silver and
               Thomas Hubert and
               Julian Schrittwieser and
               Ioannis Antonoglou and
               Matthew Lai and
               Arthur Guez and
               Marc Lanctot and
               Laurent Sifre and
               Dharshan Kumaran and
               Thore Graepel and
               Timothy P. Lillicrap and
               Karen Simonyan and
               Demis Hassabis},
  title     = {Mastering Chess and Shogi by Self-Play with a General Reinforcement
               Learning Algorithm},
  journal   = {CoRR},
  volume    = {abs/1712.01815},
  year      = {2017},
  url       = {http://arxiv.org/abs/1712.01815},
  archivePrefix = {arXiv},
  eprint    = {1712.01815},
  timestamp = {Mon, 13 Aug 2018 16:46:01 +0200},
  biburl    = {https://dblp.org/rec/bib/journals/corr/abs-1712-01815},
  bibsource = {dblp computer science bibliography, https://dblp.org}
}

@Book{Kochenderfer2015,
Title = {Decision Making Under Uncertainty: Theory and Application},
Author = {Mykel J. Kochenderfer},
Publisher = {MIT Press},
Year = {2015}
}

@article{article,
author = {Bissell, David and Birtchnell, Thomas and Elliott, Anthony and Hsu, Eric},
year = {2018},
month = {12},
pages = {001139211881674},
title = {Autonomous automobilities: The social impacts of driverless vehicles},
journal = {Current Sociology},
doi = {10.1177/0011392118816743}
}
